@article{shyam2024tree,
  title={Tree attention: Topology-aware decoding for long-context attention on gpu clusters},
  author={Shyam, Vasudev and Pilault, Jonathan and Shepperd, Emily and Anthony, Quentin and Millidge, Beren},
  journal={arXiv preprint arXiv:2408.04093},
  year={2024}
}

@article{hoover2024energy,
  title={Energy transformer},
  author={Hoover, Benjamin and Liang, Yuchen and Pham, Bao and Panda, Rameswar and Strobelt, Hendrik and Chau, Duen Horng and Zaki, Mohammed and Krotov, Dmitry},
  journal={Advances in Neural Information Processing Systems},
  volume={36},
  year={2024}
}

@article{singh2023attention,
  title={Attention as implicit structural inference},
  author={Singh, Ryan and Buckley, Christopher L},
  journal={Advances in Neural Information Processing Systems},
  volume={36},
  pages={24929--24946},
  year={2023}
}

@article{kori2024identifiable,
  title={Identifiable Object-Centric Representation Learning via Probabilistic Slot Attention},
  author={Kori, Avinash and Locatello, Francesco and Santhirasekaram, Ainkaran and Toni, Francesca and Glocker, Ben and Ribeiro, Fabio De Sousa},
  journal={arXiv preprint arXiv:2406.07141},
  year={2024}
}

@article{annabi2022relationship,
  title={On the relationship between variational inference and auto-associative memory},
  author={Annabi, Louis and Pitti, Alexandre and Quoy, Mathias},
  journal={Advances in Neural Information Processing Systems},
  volume={35},
  pages={37497--37509},
  year={2022}
}